@article{greenwade93,
    author  = "George D. Greenwade",
    title   = "The {C}omprehensive {T}ex {A}rchive {N}etwork ({CTAN})",
    year    = "1993",
    journal = "TUGBoat",
    volume  = "14",
    number  = "3",
    pages   = "342--351"
}


@book{tartakovsky2014sequential,
  title={Sequential analysis: Hypothesis testing and changepoint detection},
  author={Tartakovsky, Alexander and Nikiforov, Igor and Basseville, Michele},
  year={2014},
  publisher={CRC Press}
}